% This file was created with JabRef 2.6.
% Encoding: UTF-8

@ARTICLE{abel,
  author = {Jurgen Abel},
  title = {Incremental frequency count - a post BWT-stage for the Burrows-Wheeler
	compresion algorithm},
  journal = {SOFTWARE - PRACTISE AND EXPERIENCE},
  year = {2006},
  owner = {szkudi},
  timestamp = {2011.01.16}
}

@ARTICLE{deorowicz,
  author = {Sebastian Deorowicz},
  title = {Second step algorithm in the Burrows-Wheeler compression algorithm},
  journal = {SOFTWARE - PRACTISE AND EXPERIENCE},
  year = {2001},
  owner = {szkudi},
  timestamp = {2011.01.16}
}

@BOOK{kompresja,
  title = {Kompresja danych},
  publisher = {Wydawnictwo BTC},
  year = {2005},
  author = {Artur Przelaskowski},
  owner = {szkudi},
  timestamp = {2011.01.16}
}

@comment{jabref-meta: selector_publisher:}

@comment{jabref-meta: selector_author:}

@comment{jabref-meta: selector_journal:}

@comment{jabref-meta: selector_keywords:}

